<record><leader>00000cas a2200000 a 4500</leader><controlfield tag="001">14046626</controlfield><controlfield tag="008">860805c19239999vaudr ne      0   a0eng  </controlfield><datafield ind1=" " ind2=" " tag="010"><subfield code="a">sn 86071808 </subfield></datafield><datafield ind1=" " ind2=" " tag="040"><subfield code="a">DLC</subfield><subfield code="b">eng</subfield><subfield code="c">DLC</subfield><subfield code="d">NVK</subfield><subfield code="d">DLC</subfield><subfield code="d">NVK</subfield><subfield code="d">CUI</subfield><subfield code="d">DLC</subfield><subfield code="d">OCLCQ</subfield><subfield code="d">OCLCF</subfield><subfield code="d">CUS</subfield></datafield><datafield ind1=" " ind2=" " tag="012"><subfield code="l">1</subfield></datafield><datafield ind1="0" ind2=" " tag="022"><subfield code="a">2159-2373</subfield><subfield code="2">1</subfield></datafield><datafield ind1="1" ind2=" " tag="029"><subfield code="a">AU@</subfield><subfield code="b">000020436874</subfield></datafield><datafield ind1="1" ind2=" " tag="029"><subfield code="a">NZ1</subfield><subfield code="b">16075984</subfield></datafield><datafield ind1=" " ind2=" " tag="037"><subfield code="b">Times Shamrock Newspapers, 15 Franklin St., Petersburg, VA 23803</subfield></datafield><datafield ind1=" " ind2=" " tag="042"><subfield code="a">pcc</subfield><subfield code="a">nsdp</subfield></datafield><datafield ind1=" " ind2=" " tag="043"><subfield code="a">n-us-va</subfield></datafield><datafield ind1="0" ind2="0" tag="050"><subfield code="a">Newspaper</subfield></datafield><datafield ind1=" " ind2="4" tag="050"><subfield code="a">AN</subfield></datafield><datafield ind1="1" ind2="0" tag="082"><subfield code="a">070</subfield><subfield code="2">14</subfield></datafield><datafield ind1=" " ind2="4" tag="222"><subfield code="a">The progress-index</subfield></datafield><datafield ind1="0" ind2="4" tag="245"><subfield code="a">The progress-index.</subfield></datafield><datafield ind1=" " ind2=" " tag="260"><subfield code="a">Petersburg, Va. :</subfield><subfield code="b">Petersburg Newspaper Corp.,</subfield><subfield code="c">1923-</subfield></datafield><datafield ind1=" " ind2=" " tag="300"><subfield code="a">v. :</subfield><subfield code="b">ill. ;</subfield><subfield code="c">61 cm.</subfield></datafield><datafield ind1=" " ind2=" " tag="310"><subfield code="a">Daily</subfield></datafield><datafield ind1=" " ind2=" " tag="336"><subfield code="a">text</subfield><subfield code="b">txt</subfield><subfield code="2">rdacontent</subfield></datafield><datafield ind1=" " ind2=" " tag="337"><subfield code="a">unmediated</subfield><subfield code="b">n</subfield><subfield code="2">rdamedia</subfield></datafield><datafield ind1=" " ind2=" " tag="338"><subfield code="a">volume</subfield><subfield code="b">cr</subfield><subfield code="2">rdacarrier</subfield></datafield><datafield ind1="0" ind2=" " tag="362"><subfield code="a">Vol. 59, no. 60 (Sept. 16, 1923)-</subfield></datafield><datafield ind1=" " ind2=" " tag="530"><subfield code="a">Also issued on microfilm from Bell &amp; Howell, Micro Photo Div.; and from Crest Microfilm, Inc.</subfield></datafield><datafield ind1=" " ind2=" " tag="580"><subfield code="a">Traveller (Petersburg, Va.) produced under agreement with Petersburg Newspaper Corp.</subfield></datafield><datafield ind1=" " ind2=" " tag="580"><subfield code="a">The Colonial voice is issued with the Progress index on Fridays.</subfield></datafield><datafield ind1=" " ind2=" " tag="588"><subfield code="a">Latest issue consulted: Vol. 145, no. 128 (Nov. 8, 2010) (surrogate).</subfield></datafield><datafield ind1=" " ind2="0" tag="651"><subfield code="a">Petersburg (Va.)</subfield><subfield code="v">Newspapers.</subfield></datafield><datafield ind1=" " ind2="0" tag="651"><subfield code="a">Colonial Heights (Va.)</subfield><subfield code="v">Newspapers.</subfield></datafield><datafield ind1=" " ind2="0" tag="651"><subfield code="a">Hopewell (Va.)</subfield><subfield code="v">Newspapers.</subfield></datafield><datafield ind1=" " ind2="0" tag="651"><subfield code="a">Chesterfield County (Va.)</subfield><subfield code="v">Newspapers.</subfield></datafield><datafield ind1=" " ind2="0" tag="651"><subfield code="a">Prince George County (Va.)</subfield><subfield code="v">Newspapers.</subfield></datafield><datafield ind1=" " ind2="0" tag="651"><subfield code="a">Dinwiddie County (Va.)</subfield><subfield code="v">Newspapers.</subfield></datafield><datafield ind1=" " ind2="7" tag="651"><subfield code="a">Virginia</subfield><subfield code="z">Chesterfield County.</subfield><subfield code="2">fast</subfield><subfield code="0">(OCoLC)fst01210521</subfield></datafield><datafield ind1=" " ind2="7" tag="651"><subfield code="a">Virginia</subfield><subfield code="z">Colonial Heights.</subfield><subfield code="2">fast</subfield><subfield code="0">(OCoLC)fst01222126</subfield></datafield><datafield ind1=" " ind2="7" tag="651"><subfield code="a">Virginia</subfield><subfield code="z">Dinwiddie County.</subfield><subfield code="2">fast</subfield><subfield code="0">(OCoLC)fst01234160</subfield></datafield><datafield ind1=" " ind2="7" tag="651"><subfield code="a">Virginia</subfield><subfield code="z">Hopewell.</subfield><subfield code="2">fast</subfield><subfield code="0">(OCoLC)fst01222127</subfield></datafield><datafield ind1=" " ind2="7" tag="651"><subfield code="a">Virginia</subfield><subfield code="z">Petersburg.</subfield><subfield code="2">fast</subfield><subfield code="0">(OCoLC)fst01209840</subfield></datafield><datafield ind1=" " ind2="7" tag="651"><subfield code="a">Virginia</subfield><subfield code="z">Prince George County.</subfield><subfield code="2">fast</subfield><subfield code="0">(OCoLC)fst01225034</subfield></datafield><datafield ind1=" " ind2="7" tag="655"><subfield code="a">Newspapers.</subfield><subfield code="2">fast</subfield><subfield code="0">(OCoLC)fst01423814</subfield></datafield><datafield ind1=" " ind2=" " tag="752"><subfield code="a">United States</subfield><subfield code="b">Virginia</subfield><subfield code="d">Petersburg.</subfield></datafield><datafield ind1="1" ind2=" " tag="775"><subfield code="t">Traveller (Petersburg, Va.)</subfield><subfield code="w">(DLC)sn 98068081</subfield><subfield code="w">(OCoLC)8083751</subfield></datafield><datafield ind1="1" ind2=" " tag="775"><subfield code="t">Colonial voice (Colonial Heights, Va.)</subfield><subfield code="w">(DLC)sn2006060576</subfield><subfield code="w">(OCoLC)55011283</subfield></datafield><datafield ind1="0" ind2=" " tag="775"><subfield code="t">Progress-index.com</subfield><subfield code="x">2159-2934</subfield><subfield code="w">(DLC)  2010203660</subfield><subfield code="w">(OCoLC)694441039</subfield></datafield><datafield ind1="0" ind2="0" tag="780"><subfield code="t">Progress and index-appeal</subfield><subfield code="w">(DLC)sn 94059427</subfield><subfield code="w">(OCoLC)31321196</subfield></datafield><datafield ind1="4" ind2="2" tag="856"><subfield code="u">http://progress-index.com/</subfield></datafield></record>